@misc{ ITU_Cell_Usage_2013,
       author = "International Telecommunications Unions (ITU)",
       title = "Key ICT indicators for developed and developing countries and the world (totals and penetration rates)",
       url = "http://www.itu.int/en/ITU-D/Statistics/Documents/statistics/2013/ITU_Key_2005-2013_ICT_data.xls",
       address = "Geneva",
       year = "2013" }
       
@techreport{ ITU_Information_Society_2013,
    author = "International Telecommunication Union",
    title = "Measuring t￼￼￼￼￼he Information Society",
    url = "http://www.itu.int/en/ITU-D/Statistics/Documents/publications/mis2013/MIS2013_without_Annex_4.pdf",
    address = "Geneva",
    year = "2013",
    institution = "International Telecommunication Union"
}
       
@techreport{Gov_Internet_Usage_UK_2014,
    author = "Office for National Statistics",
    title = "Internet Access Quarterly Update, Q1 2014 Release",
    url = "http://www.ons.gov.uk/ons/rel/rdit2/internet-access-quarterly-update/q1-2014/index.html",
    howpublished = "Online report",
    address = "London",
    year = "2014"
}
    
@ONLINE{Fox:2011:Online,
    author = {Fox, Killian},
    title = {Africa's mobile economic revolution},
    month = jul,
    year = {2011},
    institution = {The Guardian},
    url = {http://www.theguardian.com/technology/2011/jul/24/mobile-phones-africa-microfinance-farming}
}

@article{Aker_Mobile_Phones_2010,
     title = {Mobile Phones and Economic Development in Africa},
     author = {Aker, Jenny C. and Mbiti, Isaac M.},
     journal = {The Journal of Economic Perspectives},
     volume = {24},
     number = {3},
     pages = {pp. 207-232},
     url = {http://www.jstor.org/stable/20799163},
     ISSN = {08953309},
     language = {English},
     year = {2010},
     publisher = {American Economic Association},
     copyright = {Copyright © 2010 American Economic Association},
}

@article{kenny2011ethics,
  title={The ethics of machine translation},
  author={Kenny, Dorothy},
  year={2011},
  publisher={NZSTI}
}

@ONLINE{Google_Translate_Research,
    author = {Google Inc.},
    title = {Google Research: Find out how our translations are created},
    year = {2014},
    institution = {Google Inc. / Google Research},
    url = {http://translate.google.co.uk/about/intl/en_ALL/}
}

@article{melby2006can,
  title={Why can’t a computer translate more like a person},
  author={Melby, Alan K},
  year={2006},
  publisher={kfykyfkyfkuyfkuyg}
}

@article{community1948universal,
  author = {international community, United Nations},
  title = {The Universal Declaration of Human Rights},
  url = {http://www.un.org/en/documents/udhr},
  year = 1948
}

@ONLINE{mitCryptographyMd5,
  Author = {Shafi Goldwasser and Mihir Bellare},
  Institution = {MIT},
  Howpublished = {University Lecture Notes},
  url = {http://cseweb.ucsd.edu/~mihir/papers/gb.pdf},
  note = {Accessed: 2014-11-15}
  Year = {2008},
  Title = {Lecture Notes on Cryptography}
}

@book{securityEngineeringHashingAnderson,
    Author = {Ross Anderson},
    Publisher = {Wiley Publishing, Inc.},
    Title = {Security Engineering},
    Year = {2008},
    Edition = {2},
    Address = {Indiana, United States}
}

@ONLINE{schneierCryptanalysisMD5SHA,
    Author = {Bruce Schneier},
    Title = {Cryptanalysis of MD5 and SHA: Time for a New Standard},
    Year = {2004},
    url = {https://www.schneier.com/essays/archives/2004/08/cryptanalysis_of_md5.html},
    note = {Accessed: 2014-11-16}
}

@inproceedings{Teat:2011:SCH:2016039.2016072,
 author = {Teat, Chad and Peltsverger, Svetlana},
 title = {The Security of Cryptographic Hashes},
 booktitle = {Proceedings of the 49th Annual Southeast Regional Conference},
 series = {ACM-SE '11},
 year = {2011},
 isbn = {978-1-4503-0686-7},
 location = {Kennesaw, Georgia},
 pages = {103--108},
 numpages = {6},
 url = {http://doi.acm.org/10.1145/2016039.2016072},
 doi = {10.1145/2016039.2016072},
 acmid = {2016072},
 publisher = {ACM},
 address = {New York, NY, USA},
 keywords = {authentication, cryptanalysis, cryptographic hashes, hashing, passwords},
} 
